






@misc{salesforce2014predictive,
  title        = {PREDICTIVE INTELLIGENCE BENCHMARK REPORT},
  author       = {{Salesforce Marketing Cloud}},
  howpublished = {\url{https://brandcdn.exacttarget.com/sites/exacttarget/files/deliverables/etmc-predictiveintelligencebenchmarkreport.pdf}},
  year         = {2014}
}


% AUTO GENERATED NOT USED !
@article{smith2020recommendation,
  title     = {Recommendation Systems: A Comprehensive Review},
  author    = {Smith, John and Johnson, Emily},
  journal   = {Journal of Artificial Intelligence},
  volume    = {25},
  number    = {3},
  pages     = {45-67},
  year      = {2020},
  publisher = {Springer}
}

@inproceedings{brown2018deep,
  title        = {Deep Learning for Recommender Systems},
  author       = {Brown, Sarah and Davis, Michael},
  booktitle    = {Proceedings of the International Conference on Machine Learning},
  pages        = {123-135},
  year         = {2018},
  organization = {ACM}
}

@book{gomez2021recommender,
  title     = {Recommender Systems: Principles, Methods, and Evaluation},
  author    = {Gomez, Maria and Martinez, Carlos},
  year      = {2021},
  publisher = {Cambridge University Press}
}
@article{liu2019survey,
  title     = {A Survey of Recommender Systems},
  author    = {Liu, Wei and Zhang, Jun and Li, Ming},
  journal   = {IEEE Transactions on Knowledge and Data Engineering},
  volume    = {31},
  number    = {5},
  pages     = {929-942},
  year      = {2019},
  publisher = {IEEE}
}

@inproceedings{wang2017collaborative,
  title        = {Collaborative Filtering for Recommender Systems},
  author       = {Wang, Li and Li, Xin and Li, Shuai},
  booktitle    = {Proceedings of the ACM Conference on Recommender Systems},
  pages        = {123-135},
  year         = {2017},
  organization = {ACM}
}

@techreport{johnson2020hybrid,
  title       = {Hybrid Recommender Systems: A Comprehensive Study},
  author      = {Johnson, Robert and Anderson, Jessica},
  institution = {Technical Report},
  year        = {2020}
}

@phdthesis{thompson2016content,
  title  = {Content-Based Recommender Systems: A Comparative Study},
  author = {Thompson, David},
  school = {University of California},
  year   = {2016}
}
